<record><leader>00000cas a2200000 a 4500</leader><controlfield tag="001">10472625</controlfield><controlfield tag="008">840229d1816182umouwr ne      0    0eng  </controlfield><datafield ind1=" " ind2=" " tag="010"><subfield code="a">sn 84020199 </subfield></datafield><datafield ind1=" " ind2=" " tag="040"><subfield code="a">DLC</subfield><subfield code="b">eng</subfield><subfield code="c">DLC</subfield><subfield code="d">NPX</subfield><subfield code="d">KNP</subfield><subfield code="d">MQN</subfield><subfield code="d">KNP</subfield><subfield code="d">OCL</subfield><subfield code="d">CRL</subfield><subfield code="d">DLC</subfield><subfield code="d">OCLCQ</subfield><subfield code="d">OCLCF</subfield><subfield code="d">DLC</subfield></datafield><datafield ind1=" " ind2=" " tag="042"><subfield code="a">msc</subfield></datafield><datafield ind1=" " ind2=" " tag="043"><subfield code="a">n-us-mo</subfield></datafield><datafield ind1="0" ind2="0" tag="050"><subfield code="a">Newspaper</subfield></datafield><datafield ind1="0" ind2=" " tag="130"><subfield code="a">St. Louis enquirer (Saint Louis, Mo. : 1816)</subfield></datafield><datafield ind1="1" ind2="0" tag="245"><subfield code="a">St. Louis enquirer.</subfield></datafield><datafield ind1="3" ind2="0" tag="246"><subfield code="a">Saint Louis enquirer</subfield></datafield><datafield ind1=" " ind2=" " tag="250"><subfield code="a">[For the Country].</subfield></datafield><datafield ind1=" " ind2=" " tag="260"><subfield code="a">St. Louis [Mo.] :</subfield><subfield code="b">Isaac N. Henry &amp; Co.</subfield></datafield><datafield ind1=" " ind2=" " tag="300"><subfield code="a">v. :</subfield><subfield code="b">ill.</subfield></datafield><datafield ind1=" " ind2=" " tag="310"><subfield code="a">Weekly</subfield></datafield><datafield ind1="1" ind2=" " tag="362"><subfield code="a">Began in 1816?</subfield></datafield><datafield ind1=" " ind2=" " tag="588"><subfield code="a">Description based on: Vol. 2, no. 42 (Mar. 17, 1819).</subfield></datafield><datafield ind1=" " ind2=" " tag="588"><subfield code="a">Latest issue consulted: Vol. 8, no. 70 (Dec. 18, 1824).</subfield></datafield><datafield ind1=" " ind2="0" tag="651"><subfield code="a">Saint Louis (Mo.)</subfield><subfield code="v">Newspapers.</subfield></datafield><datafield ind1=" " ind2="7" tag="651"><subfield code="a">Missouri</subfield><subfield code="z">Saint Louis.</subfield><subfield code="2">fast</subfield><subfield code="0">(OCoLC)fst01204930</subfield></datafield><datafield ind1=" " ind2="7" tag="655"><subfield code="a">Newspapers.</subfield><subfield code="2">fast</subfield><subfield code="0">(OCoLC)fst01423814</subfield></datafield><datafield ind1=" " ind2=" " tag="752"><subfield code="a">United States</subfield><subfield code="b">Missouri</subfield><subfield code="d">Saint Louis.</subfield></datafield><datafield ind1="0" ind2=" " tag="775"><subfield code="t">St. Louis enquirer (Saint Louis, Mo. : 1818)</subfield><subfield code="x">2574-6634</subfield><subfield code="w">(DLC)sn 83025404</subfield><subfield code="w">(OCoLC)9426770</subfield></datafield><datafield ind1="1" ind2=" " tag="029"><subfield code="a">AU@</subfield><subfield code="b">000020128628</subfield></datafield></record>